@MastersThesis{M10,
 author = "Fabrizio Montesi",
 title = "{J}{O}{L}{I}{E}: a {S}ervice-oriented {P}rogramming {L}anguage",
 school = "University of Bologna",
 year = {2010},
 url = {\url{http://www.fabriziomontesi.com/files/m10.pdf}}
}
