@PhdThesis{M13:phd,
  author =       "Fabrizio Montesi",
  title =        "Choreographic Programming",
  school =       "IT University of Copenhagen",
  type =         "Ph.{D}. Thesis",
  year =         2013,
  note =         {\url{http://www.fabriziomontesi.com/files/choreographic_programming.pdf}}
}
