@book{M23,
	author={Montesi, Fabrizio},
	title={Introduction to Choreographies},
	place={Cambridge},
	doi={10.1017/9781108981491},
	publisher={Cambridge University Press},
	year={2023}
}